%% This BibTeX bibliography file was created using BibDesk.
%% http://www.cs.ucsd.edu/~mmccrack/bibdesk.html


%% Created for neil at 2002-12-09 14:04:13 +1300 
@article{canny1986computational,
  title={A computational approach to edge detection},
  author={Canny, John},
  journal={IEEE Transactions on pattern analysis and machine intelligence},
  number={6},
  pages={679--698},
  year={1986},
  publisher={Ieee}
}

@article{lecun2015deep,
  title={Deep learning},
  author={LeCun, Yann and Bengio, Yoshua and Hinton, Geoffrey},
  journal={nature},
  volume={521},
  number={7553},
  pages={436},
  year={2015},
  publisher={Nature Publishing Group}
}
@article{zang2015learning,
  title={Learning classifier systems with memory condition to solve non-Markov problems},
  author={Zang, Zhaoxiang and Li, Dehua and Wang, Junying},
  journal={Soft Computing},
  volume={19},
  number={6},
  pages={1679--1699},
  year={2015},
  publisher={Springer}
}
@article{blum1997selection,
  title={Selection of relevant features and examples in machine learning},
  author={Blum, Avrim L and Langley, Pat},
  journal={Artificial intelligence},
  volume={97},
  number={1-2},
  pages={245--271},
  year={1997},
  publisher={Elsevier}
}
@book{urbanowicz2017introduction,
  title={Introduction to Learning Classifier Systems},
  author={Urbanowicz, Ryan J and Browne, Will N},
  year={2017},
  publisher={Springer}
}
@book{Holl75,
	Year = {1975},
	Title = {Adaptation in Natural and Artificial Systems},
	Address = {Michigan, USA},
	Publisher = {University of Michigan Press, Ann Arbor},
	Author = {Holland, John}} 

@article{bernado2003accuracy,
	title={Accuracy-based learning classifier systems: models, analysis and applications to classification tasks},
	author={Bernad{\'o}-Mansilla, Ester and Garrell-Guiu, Josep M},
	journal={Evolutionary computation},
	volume={11},
	number={3},
	pages={209--238},
	year={2003},
	publisher={MIT Press}
}
@techreport{naisbitt1984megatrends,
	title={Megatrends: Ten new directions transforming our lives},
	author={Naisbitt, John and Cracknell, J},
	year={1984},
	institution={Warner Books New York}
}

@techreport{wisconsinbreast,
	title={Breast Cancer Wisconsin (Diagnostic) Data Set },
	author={UCI},
	institution={University of California, Irvine}
}
@article{srivastava2014dropout,
  title={Dropout: A simple way to prevent neural networks from overfitting},
  author={Srivastava, Nitish and Hinton, Geoffrey and Krizhevsky, Alex and Sutskever, Ilya and Salakhutdinov, Ruslan},
  journal={The Journal of Machine Learning Research},
  volume={15},
  number={1},
  pages={1929--1958},
  year={2014},
  publisher={JMLR. org}
}
@article{blair1980comparison,
  title={A comparison of the power of Wilcoxon's rank-sum statistic to that of student's t statistic under various nonnormal distributions},
  author={Blair, R Clifford and Higgins, James J},
  journal={Journal of Educational Statistics},
  volume={5},
  number={4},
  pages={309--335},
  year={1980},
  publisher={Sage Publications Sage CA: Thousand Oaks, CA}
}
@inproceedings{lin2014microsoft,
  title={Microsoft coco: Common objects in context},
  author={Lin, Tsung-Yi and Maire, Michael and Belongie, Serge and Hays, James and Perona, Pietro and Ramanan, Deva and Doll{\'a}r, Piotr and Zitnick, C Lawrence},
  booktitle={European conference on computer vision},
  pages={740--755},
  year={2014},
  organization={Springer}
}
@book{brownlee2011clever,
  title={Clever algorithms: nature-inspired programming recipes},
  author={Brownlee, Jason},
  year={2011},
  publisher={Jason Brownlee}
}
@inproceedings{yosinski2014transferable,
  title={How transferable are features in deep neural networks?},
  author={Yosinski, Jason and Clune, Jeff and Bengio, Yoshua and Lipson, Hod},
  booktitle={Advances in neural information processing systems},
  pages={3320--3328},
  year={2014}
}
@inproceedings{he2017mask,
  title={Mask r-cnn},
  author={He, Kaiming and Gkioxari, Georgia and Doll{\'a}r, Piotr and Girshick, Ross},
  booktitle={Computer Vision (ICCV), 2017 IEEE International Conference on},
  pages={2980--2988},
  year={2017},
  organization={IEEE}
}
@article{wilcoxon1950some,
  title={Some rapid approximate statistical procedures},
  author={Wilcoxon, Frank},
  journal={Annals of the New York Academy of Sciences},
  volume={52},
  number={1},
  pages={808--814},
  year={1950},
  publisher={Wiley Online Library}
}
@inproceedings{butz2010learning,
  title={Learning classifier systems},
  author={Butz, Martin V},
  booktitle={Proceedings of the 12th annual conference companion on Genetic and evolutionary computation},
  pages={2331--2352},
  year={2010},
  organization={ACM}
}
@misc{Datamini0:online,
author = {Christopher Clifton},
title = {Defintion of Data mining},
howpublished = {\url{https://www.britannica.com/technology/data-mining}}
}
@article{Cognitiv47,
author = {Ilkka Karanta, Timo Honkela, and Petri Koistinen},
title = {Cognitive biases in neural networks -
a study in reasoning under uncertainty},
journal={Publications of the Finnish Artificial Intelligence Society (FAIS)},
 year={1992}
}
@article{belongie2002shape,
  title={Shape matching and object recognition using shape contexts},
  author={Belongie, Serge and Malik, Jitendra and Puzicha, Jan},
  journal={IEEE transactions on pattern analysis and machine intelligence},
  volume={24},
  number={4},
  pages={509--522},
  year={2002},
  publisher={IEEE}
}
@inproceedings{nguyen2015deep,
  title={Deep neural networks are easily fooled: High confidence predictions for unrecognizable images},
  author={Nguyen, Anh and Yosinski, Jason and Clune, Jeff},
  booktitle={Proceedings of the IEEE Conference on Computer Vision and Pattern Recognition},
  pages={427--436},
  year={2015}
}
@techreport{cnnsliding,
author = {ufldl },
title = {Feature extraction using convolution},
published = {Standford Eduation},
month = {April},
year = {2013},
note = {(Accessed on 06/11/2018)}
}
@misc{bigdata2011,
	author = {Mark Albala},
	title = {Making Sense of Big Data in the Petabyte Age},
	publisher={Cognizant},
	month = {June},
	year = {2011}
}

@techreport{zoodata,
	title={Zoo Data Set},
	author={UCI},
	institution={University of California, Irvine}
	}
}
@book{hartley2003multiple,
  title={Multiple view geometry in computer vision},
  author={Hartley, Richard and Zisserman, Andrew},
  year={2003},
  publisher={Cambridge university press}
}
@article{haykin2004comprehensive,
  title={A comprehensive foundation},
  author={Haykin, Simon and Network, Neural},
  journal={Neural networks},
  volume={2},
  number={2004},
  pages={41},
  year={2004}
}
@inproceedings{szegedy2015going,
  title={Going deeper with convolutions},
  author={Szegedy, Christian and Liu, Wei and Jia, Yangqing and Sermanet, Pierre and Reed, Scott and Anguelov, Dragomir and Erhan, Dumitru and Vanhoucke, Vincent and Rabinovich, Andrew and others},
  year={2015},
  organization={Cvpr}
}
@article{mordvintsev2015inceptionism,
  title={Inceptionism: Going deeper into neural networks},
  author={Mordvintsev, Alexander and Olah, Christopher and Tyka, Mike},
  journal={Google Research Blog. Retrieved June},
  volume={20},
  number={14},
  pages={5},
  year={2015}
}
@article{yu2004efficient,
  title={Efficient feature selection via analysis of relevance and redundancy},
  author={Yu, Lei and Liu, Huan},
  journal={Journal of machine learning research},
  volume={5},
  number={Oct},
  pages={1205--1224},
  year={2004}
}
@article{markovitch2002feature,
  title={Feature generation using general constructor functions},
  author={Markovitch, Shaul and Rosenstein, Dan},
  journal={Machine Learning},
  volume={49},
  number={1},
  pages={59--98},
  year={2002},
  publisher={Springer}
}
@article{jain1999data,
  title={Data clustering: a review},
  author={Jain, Anil K and Murty, M Narasimha and Flynn, Patrick J},
  journal={ACM computing surveys (CSUR)},
  volume={31},
  number={3},
  pages={264--323},
  year={1999},
  publisher={Acm}
}
@incollection{barto1997reinforcement,
  title={Reinforcement learning in artificial intelligence},
  author={Barto, Andrew G and Sutton, Richard S},
  booktitle={Advances in Psychology},
  volume={121},
  pages={358--386},
  year={1997},
  publisher={Elsevier}
}
@article{kotsiantis2007supervised,
  title={Supervised machine learning: A review of classification techniques},
  author={Kotsiantis, Sotiris B and Zaharakis, I and Pintelas, P},
  journal={Emerging artificial intelligence applications in computer engineering},
  volume={160},
  pages={3--24},
  year={2007}
}
@article{bernado2003accuracy,
  title={Accuracy-based learning classifier systems: models, analysis and applications to classification tasks},
  author={Bernad{\'o}-Mansilla, Ester and Garrell-Guiu, Josep M},
  journal={Evolutionary computation},
  volume={11},
  number={3},
  pages={209--238},
  year={2003},
  publisher={MIT Press}
}

@misc{imagenet,
	title={imagenet},
	author={Stanford Vision Lab, Stanford University, Princeton University},
	institution={Stanford Vision Lab, Stanford University, Princeton University}
	year={2016}
	}
}

@inproceedings{krizhevsky2012imagenet,
  title={Imagenet classification with deep convolutional neural networks},
  author={Krizhevsky, Alex and Sutskever, Ilya and Hinton, Geoffrey E},
  booktitle={Advances in neural information processing systems},
  pages={1097--1105},
  year={2012}
}
@inproceedings{zeiler2014visualizing,
  title={Visualizing and understanding convolutional networks},
  author={Zeiler, Matthew D and Fergus, Rob},
  booktitle={European conference on computer vision},
  pages={818--833},
  year={2014},
  organization={Springer}
}
@article{mnist,
  title={The MNIST database of handwritten digit images for machine learning research [best of the web]},
  author={Deng, Li},
  journal={IEEE Signal Processing Magazine},
  volume={29},
  number={6},
  pages={141--142},
  year={2012},
  publisher={IEEE}
}